@article{vanes2007,
author = "van Es, Bert and Gugushvili, Shota and Spreij, Peter",
doi = "10.3150/07-BEJ6091",
fjournal = "Bernoulli",
journal = "Bernoulli",
month = "08",
number = "3",
pages = "672--694",
publisher = "Bernoulli Society for Mathematical Statistics and Probability",
title = "A kernel type nonparametric density estimator for decompounding",
url = "https://doi.org/10.3150/07-BEJ6091",
volume = "13",
year = "2007"
}

@article{comte2014,
author = {Comte, Fabienne and Duval, Céline and Genon-Catalot, Valentine},
year = {2014},
month = {01},
pages = {},
title = {Nonparametric density estimation in compound Poisson process using convolution power estimators.},
volume = {77},
journal = {Metrika},
doi = {10.1007/s00184-013-0475-3}
}

@article{chesneau2013,
author = {Chesneau, Christophe and Comte, Fabienne and Navarro, Fabien},
title = {Fast nonparametric estimation for convolutions of densities},
journal = {Canadian Journal of Statistics},
volume = {41},
number = {4},
pages = {617-636},
keywords = {Convolution of densities, kernel estimation, minimax rate, nonparametric estimation, MSC 2010: Primary 62G07, secondary 62G20},
doi = {10.1002/cjs.11191},
url = {https://onlinelibrary.wiley.com/doi/abs/10.1002/cjs.11191},
eprint = {https://onlinelibrary.wiley.com/doi/pdf/10.1002/cjs.11191},
year = {2013}
}

@article{duval2013,
title = "Density estimation for compound Poisson processes from discrete data",
journal = "Stochastic Processes and their Applications",
volume = "123",
number = "11",
pages = "3963--3986",
year = "2013",
url = "https://doi.org/10.1016/j.spa.2013.06.006",
author = "Céline Duval"
}

@Article{gugushvili2018,
author="Gugushvili, Shota
and van der Meulen, Frank
and Spreij, Peter",
title="A non-parametric Bayesian approach to decompounding from high frequency data",
journal="Statistical Inference for Stochastic Processes",
year="2018",
month="Apr",
day="01",
volume="21",
number="1",
pages="53--79",
url="https://doi.org/10.1007/s11203-016-9153-1"
}

